
@online{absimagmbhBrushlessMotor10,
  title = {Brushless {{Motor}} 1:10 "{{Revenge CTM V3}}" 21,{{5T Stock}}},
  author = {{Absima GmbH}},
  url = {https://www.absima.shop/RC-ZUBEHOeR/RC-Elektronik/Brushless-Motor-Fahrtenregler/Brushless-Motor-1-10-Revenge-CTM-V3-21-5T-Stock.htm?shop=absima&SessionId=&a=article&ProdNr=2130062&t=19114&c=19130&p=19130},
  urldate = {2020-08-12}
}

@misc{amsagAS5048AAS5048BMagnetic2018,
  title = {{{AS5048A}}/{{AS5048B Magnetic Rotary Encoder}} (14-{{Bit Angular Position Sensor}})},
  author = {{ams AG}},
  date = {2018-01-29},
  url = {https://ams.com/documents/20143/36005/AS5048_DS000298_4-00.pdf/910aef1f-6cd3-cbda-9d09-41f152104832}
}

@misc{boschsensortecgmbhDataSheetBNO0552019,
  title = {Data {{Sheet}} - {{BNO055}} - {{Intelligent}} 9-Axis Absolute Orientation Sensor},
  shorttitle = {{{BST}}-{{BNO055}}-{{DS000}}-16},
  author = {{Bosch Sensortec GmbH}},
  date = {2019-02},
  url = {https://www.bosch-sensortec.com/media/boschsensortec/downloads/datasheets/bst-bno055-ds000.pdf},
  urldate = {2020-08-11},
  langid = {english}
}

@online{conradelectronicseBluebirdStandardServoBMS630MG,
  title = {Bluebird {{Standard}}-{{Servo BMS}}-{{630MG Analog}}-{{Servo Getriebe}}-{{Material}}: {{Metall Stecksystem}}: {{JR}}},
  author = {{Conrad Electronic SE}},
  url = {https://www.conrad.de/de/p/bluebird-standard-servo-bms-630mg-analog-servo-getriebe-material-metall-stecksystem-jr-275463.html},
  urldate = {2020-07-20}
}

@online{conradelectronicseHitecStandardServoHS5485HB,
  title = {Hitec {{Standard}}-{{Servo HS}}-{{5485HB Digital}}-{{Servo Getriebe}}-{{Material}}: {{Karbonite Stecksystem}}: {{JR}}},
  author = {{Conrad Electronic SE}},
  url = {https://www.conrad.de/de/p/hitec-standard-servo-hs-5485hb-digital-servo-getriebe-material-karbonite-stecksystem-jr-209913.html},
  urldate = {2020-07-20}
}

@online{conradelectronicseMasterStandardServoDS6040,
  title = {Master {{Standard}}-{{Servo DS6040 TG Digital}}-{{Servo Getriebe}}-{{Material}}: {{Titanium Stecksystem}}: {{Uni}} ({{Graupner}} / {{JR}} / {{Futaba}})},
  author = {{Conrad Electronic SE}},
  url = {https://www.conrad.de/de/p/master-standard-servo-ds6040-tg-digital-servo-getriebe-material-titanium-stecksystem-uni-graupner-jr-futaba-1556451.html},
  urldate = {2020-07-20}
}

@misc{conradelectronicseREELYBedienungsanleitung102017,
  title = {{{REELY Bedienungsanleitung}}: 1:10 {{Elektro}}-{{Automodell}} - {{Deathwatcher EVO BL}} 2.0 - {{4WD RtR}}},
  shorttitle = {1547809\_{{V1}}\_0517\_02\_{{VTP}}\_m\_{{4L}}},
  author = {{Conrad Electronic SE}},
  date = {2017},
  url = {https://asset.conrad.com/media10/add/160267/c1/-/gl/001547809ML02/manual-1547809-reely-tc-04-deathwatcher-evo-20-brushless-110-rc-model-car-electric-road-version-4wd-rtr-24-ghz.pdf}
}

@misc{conradelectronicseREELYBedienungsanleitungBrushlessFahrtregler2013,
  title = {{{REELY Bedienungsanleitung Brushless}}-{{Fahrtregler}} 45 {{A}} „{{Fighter}}“},
  shorttitle = {V2\_1113\_01},
  author = {{Conrad Electronic SE}},
  date = {2013-11},
  url = {https://asset.conrad.com/media10/add/160267/c1/-/gl/000704788ML02/bedienungsanleitung-704788-reely-fighter-automodell-brushless-fahrtregler-belastbarkeit-max-300-a-motorlimit-turns-9.pdf},
  urldate = {2020-08-05}
}

@misc{conradelectronicseREELYBedienungsanleitungFernsteuerung2016,
  title = {{{REELY Bedienungsanleitung Fernsteuerung}} „{{HT}}-5“, 2,4 {{GHz}}},
  shorttitle = {V2\_0416\_01\_{{DT}}},
  author = {{Conrad Electronic SE}},
  date = {2016-04},
  url = {https://asset.conrad.com/media10/add/160267/c1/-/de/001414497ML01/bedienungsanleitung-1414497-reely-ht-5-hand-fernsteuerung-24-ghz-anzahl-kanaele-5-inkl-empfaenger.pdf}
}

@online{conradelectronicseReelyStandardServoRS606WP,
  title = {Reely {{Standard}}-{{Servo RS}}-{{606WP MG Analog}}-{{Servo Getriebe}}-{{Material}}: {{Kunststoff Stecksystem}}: {{JR}}},
  author = {{Conrad Electronic SE}},
  url = {https://www.conrad.de/de/p/reely-standard-servo-rs-606wp-mg-analog-servo-getriebe-material-kunststoff-stecksystem-jr-1365924.html},
  urldate = {2020-07-20}
}

@misc{cuidevicesAMT11SeriesDatasheet2019,
  title = {{{AMT11 Series Datasheet}} - {{Modular}} | {{Incremental}} | {{CUI Devices}}},
  author = {{CUI Devices}},
  date = {2019-11-21},
  url = {https://www.cuidevices.com/product/resource/amt11.pdf},
  abstract = {CUI Devices' line of incremental encoders based on capacitive, mechanical and optical technology are available in modular and panel mount package types. Our incremental encoders feature compact footprints measuring as small as 9 mm with shaft lengths ranging from 7.5 mm to 30 mm and shaft bore diameters from 2 mm to 15.875 mm (5/8 in). Resolutions range from 10 PPR up to 4096 PPR and include 2-bit quadrature, CMOS voltage, open collector, and voltage output types. Featuring operating temperatures ranging from -40 up to +125°C as well as axial, horizontal, and radial orientations, our incremental encoders are ideal for applications including industrial automation, medical devices, test and measurement, robotics and more. Our incremental encoder portfolio is highlighted by our capacitive AMT modular encoder series, offering unmatched flexibility and durability.}
}

@misc{cuidevicesAMT22SeriesDatasheet2019,
  title = {{{AMT22 Series Datasheet}} - {{Modular}} | {{Absolute}} | {{CUI Devices}}},
  author = {{CUI Devices}},
  date = {2019-11-21},
  url = {https://www.cuidevices.com/product/resource/amt22.pdf},
  abstract = {CUI Devices' absolute encoders output 12 bits or 14 bits of absolute position information with Serial Peripheral Interface (SPI), RS-485, or Synchronous Serial Interface (SSI) communication. Based on proprietary capacitive technology, these absolute rotary encoders are not susceptible to environmental contaminants that typically plague encoders in industrial applications. The capacitive encoder models further offer users compact packages, current draw as low as 8 mA at 5 V, and operating temperature ranges from -40 to +125°C. CUI Devices' AMT absolute modular encoders are also available as kits that support 9 different shaft sizes from 2 mm to 8 mm with simple mounting tools designed for easy installation. Combined with radial or axial cable connections and high accuracy of ±0.2 mechanical degrees, these absolute encoders are a highly flexible and durable solution for a variety of motion control applications.}
}

@misc{cuidevicesAMT31SeriesDatasheet2019,
  title = {{{AMT31 Series Datasheet}} - {{Commutation}} | {{Rotary Encoders}} | {{CUI Devices}}},
  author = {{CUI Devices}},
  date = {2019-11-21},
  url = {https://www.cuidevices.com/product/resource/amt31.pdf},
  abstract = {CUI Devices' commutation encoders generate standard U/V/W communication signals for commutating brushless dc (BLDC) motors. Featuring 22 programmable incremental resolutions from 48 to 4096 PPR, these commutation rotary encoders are based upon proprietary capacitive technology that makes them resilient to dirt, dust, and oil that can plague traditional encoders in industrial environments. The digital nature of the capacitive encoder models also reduces the time-consuming processes of mounting and alignment to seconds with the One Touch Zero™ feature. Available as a kit, the commutation encoders support various shaft sizes from 2 mm to 5/8 in (15.875 mm) and include simple mounting tools to further simplify the assembly process. When combined with compact packages, low current draw of 16 mA at 5 V, high accuracy of ±0.2 degrees, and operating temperature ranges from -40 to +125°C, CUI Devices' commutation encoders are some of the most versatile encoders for your motion control needs.}
}

@misc{hackermotorgmbhBedienungsanleitungFurSKALAR,
  title = {Bedienungsanleitung Für {{SKALAR}} 10 {{Brushlessmotoren}}},
  author = {{Hacker Motor GmbH}},
  url = {https://asset.conrad.com/media10/add/160267/c1/-/gl/000517197ML01/bedienungsanleitung-517197-hacker-skalar-10-automodell-brushless-elektromotor-kv-umin-pro-volt-1750-windungen-turns-215.pdf},
  urldate = {2020-08-12}
}

@online{hobbywingtechnologyco.ltdXeRunV10G3,
  title = {{{XeRun V10 G3}}\_{{Car Systems}}\_{{HOBBYWING TECHNOLOGY CO}}., {{LTD}}.},
  author = {{Hobbywing Technology CO., LTD}},
  url = {https://www.hobbywing.com/goods.php?id=630&filter_attr=5420.0.5721.0.5507.0.0.0.2162.0},
  urldate = {2020-08-12}
}

@online{intelcorporationIntelNUCKitNUC7i7DNKE2018,
  title = {{{Intel}}® {{NUC}}-{{Kit NUC7i7DNKE Produktspezifikationen}}},
  author = {{Intel Corporation}},
  date = {2018},
  url = {https://ark.intel.com/content/www/de/de/ark/products/130392/intel-nuc-kit-nuc7i7dnke.html}
}

@online{logitechLogitechBRIO2017,
  title = {Logitech {{BRIO}}},
  author = {{Logitech}},
  date = {2017-01},
  url = {https://www.logitech.com/assets/64939/40/briopictograms.pdf},
  urldate = {2020-08-10}
}

@misc{sonyDatasheetSonyIMX273LQR,
  title = {Datasheet for {{Sony IMX273LQR CMOS Sensor}}},
  author = {{Sony}},
  url = {https://s1-dl.theimagingsource.com/api/2.5/packages/publications/sensors-cmos/imx273lqr/37fee5b8-cb2c-5c1e-9790-424986a11cbe/imx273lqr_1.0.en_US.pdf},
  urldate = {2020-08-19}
}

@misc{sparkfunUltrasonicRangingModule2016,
  title = {Ultrasonic {{Ranging Module HC}} - {{SR04}}},
  author = {{SparkFun}},
  date = {2016-08-04},
  url = {https://cdn.sparkfun.com/datasheets/Sensors/Proximity/HCSR04.pdf}
}

@misc{stmicroelectronicsDataBriefBG431BESC12019,
  title = {Data Brief - {{B}}-{{G431B}}-{{ESC1}} - {{Electronic}} Speed Controller {{Discovery}} Kit for Drones with {{STM32G431CB}}},
  shorttitle = {{{DB3787}} - {{Rev}} 1},
  author = {{STMicroelectronics}},
  date = {2019-04},
  url = {https://www.st.com/resource/en/data_brief/b-g431b-esc1.pdf},
  urldate = {2020-07-26},
  file = {/home/gexter/Zotero/storage/S2YCKGXZ/STMicroelectronics - 2019 - Data brief - B-G431B-ESC1 - Electronic speed contr.pdf}
}

@misc{stmicroelectronicsDatasheetL6387EHigh2015,
  title = {Datasheet - {{L6387E}} - {{High}} Voltage High and Low-Side Driver},
  shorttitle = {{{DocID13990 Rev}} 4},
  author = {{STMicroelectronics}},
  date = {2015-10},
  url = {https://www.st.com/resource/en/datasheet/l6387e.pdf},
  urldate = {2020-07-26}
}

@misc{stmicroelectronicsDatasheetL6398High2015,
  title = {Datasheet - {{L6398}} - {{High}} Voltage High and Low-Side Driver},
  shorttitle = {{{DS11024}} - {{Rev}} 3},
  author = {{STMicroelectronics}},
  date = {2015-09},
  url = {https://www.st.com/resource/en/datasheet/stl160n4f7.pdf},
  urldate = {2020-07-26}
}

@misc{stmicroelectronicsDatasheetSTL160N4F7Nchannel2019,
  title = {Datasheet - {{STL160N4F7}} - {{N}}-Channel 40 {{V}}, 2.1 {{mΩ}} Typ., 120 {{A STripFET F7 Power MOSFET}} in a {{PowerFLAT}} 5x6 Package},
  shorttitle = {{{DS11024}} - {{Rev}} 3},
  author = {{STMicroelectronics}},
  date = {2019-11},
  url = {https://www.st.com/resource/en/datasheet/stl160n4f7.pdf},
  urldate = {2020-07-26}
}

@misc{stmicroelectronicsDatasheetSTL180N6F7Nchannel2018,
  title = {Datasheet - {{STL180N6F7}} - {{N}}-Channel 60 {{V}}, 1.9 {{mΩ}} Typ., 120 {{A}}, {{STripFET}}™ {{F7 Power MOSFET}} in a {{PowerFLAT}}™ 5x6 Package},
  shorttitle = {{{DS12377}} - {{Rev}} 2},
  author = {{STMicroelectronics}},
  date = {2018-12},
  url = {https://www.st.com/resource/en/datasheet/stl180n6f7.pdf},
  urldate = {2020-07-26}
}

@online{stmicroelectronicsDatasheetSTM32G431x6STM32G431x82019,
  title = {Datasheet - {{STM32G431x6 STM32G431x8 STM32G431xB}} - {{Arm}}® {{Cortex}}®-{{M4}} 32-Bit {{MCU}}+{{FPU}}, 170 {{MHz}} / 213 {{DMIPS}}, up to 128 {{KB Flash}}, 32 {{KB SRAM}}, Rich Analog, Math Accelerator},
  shorttitle = {{{DS12589 Rev}} 2},
  author = {{STMicroelectronics}},
  date = {2019-10},
  url = {https://www.st.com/resource/en/datasheet/stm32g431cb.pdf},
  urldate = {2020-08-09}
}

@misc{stmicroelectronicsElectronicSpeedController2020,
  title = {Electronic Speed Controller {{Discovery}} Kit for Drones with {{STM32G431CB}} - {{User}} Manual},
  shorttitle = {{{UM2516 Rev}} 2},
  author = {{STMicroelectronics}},
  date = {2020-01},
  url = {https://www.st.com/resource/en/user_manual/dm00564746-electronic-speed-controller-discovery-kit-for-drones-with-stm32g431cb-stmicroelectronics.pdf},
  urldate = {2020-07-26},
  file = {/home/gexter/Zotero/storage/IW687RC7/STMicroelectronics - 2020 - Electronic speed controller Discovery kit for dron.pdf}
}

@misc{stmicroelectronicsLSM9DS1INEMOInertial2015,
  title = {{{LSM9DS1}} - {{iNEMO}} Inertial Module: {{3D}} Accelerometer, {{3D}} Gyroscope, {{3D}} Magnetometer},
  shorttitle = {{{DocID025715 Rev}} 3},
  author = {{STMicroelectronics}},
  date = {2015-03},
  url = {https://www.st.com/resource/en/datasheet/lsm9ds1.pdf},
  urldate = {2020-07-17},
  langid = {english}
}

@misc{stmicroelectronicsRM0090ReferenceManual2019,
  title = {{{RM0090 Reference}} Manual {{STM32F405}}/415, {{STM32F407}}/417, {{STM32F427}}/437 and {{STM32F429}}/439 Advanced {{Arm}}®-Based 32-Bit {{MCUs}}},
  author = {{STMicroelectronics}},
  date = {2019},
  url = {https://www.st.com/resource/en/reference_manual/dm00031020-stm32f405415-stm32f407417-stm32f427437-and-stm32f429439-advanced-armbased-32bit-mcus-stmicroelectronics.pdf}
}

@online{stmicroelectronicsRM0440ReferenceManual2020,
  title = {{{RM0440}} - {{Reference}} Manual - {{STM32G4 Series}}  Advanced {{Arm}}®-Based 32-Bit {{MCUs}}},
  shorttitle = {{{RM0440 Rev}} 4},
  author = {{STMicroelectronics}},
  date = {2020-04},
  url = {https://www.st.com/resource/en/reference_manual/dm00355726-stm32g4-series-advanced-armbased-32bit-mcus-stmicroelectronics.pdf},
  urldate = {2020-08-09}
}

@misc{stmicroelectronicsSTEVALESC001V1DataBrief2018,
  title = {{{STEVAL}}-{{ESC001V1}} - {{Data}} Brief - {{Electronic}} Speed Controller Reference Design for Drones},
  author = {STMicroelectronics},
  date = {2018-11},
  url = {https://www.st.com/resource/en/data_brief/steval-esc001v1.pdf},
  urldate = {2020-07-26},
  file = {/home/gexter/Zotero/storage/2RPE7YZW/STMicroelectronics - 2018 - STEVAL-ESC001V1 - Data brief - Electronic speed co.pdf}
}

@online{stmicroelectronicsSTM32CubeToolsSupport2020,
  title = {{{STM32Cube Tools}} to Support {{STM32}} Development},
  author = {{STMicroelectronics}},
  date = {2020-03-03},
  url = {https://www.st.com/content/ccc/resource/sales_and_marketing/promotional_material/brochure/group0/e1/b0/46/d5/c7/6e/41/ef/brstm32cube/files/BRSTM32CUBE.pdf/jcr:content/translations/en.BRSTM32CUBE.pdf}
}

@misc{stmicroelectronicsSTM32F405xxSTM32F407xxARM2016,
  title = {{{STM32F405xx STM32F407xx ARM Cortex}}-{{M4}} 32b {{MCU}}+{{FPU}}, {{210DMIPS}}, up to {{1MB Flash}}/192+{{4KB RAM}}, {{USB OTG HS}}/{{FS}}, {{Ethernet}}, 17 {{TIMs}}, 3 {{ADCs}}, 15 Comm. Interfaces \& Camera},
  author = {{STMicroelectronics}},
  date = {2016},
  url = {https://www.st.com/resource/en/datasheet/stm32f405rg.pdf}
}

@misc{stmicroelectronicsSTM32OpenDevelopment2018,
  title = {{{STM32 Open Development Environment}}},
  author = {{STMicroelectronics}},
  date = {2018-09-11},
  url = {https://www.st.com/content/ccc/resource/sales_and_marketing/promotional_material/brochure/8d/9e/d5/a3/84/16/46/df/brstm32ode.pdf/files/brstm32ode.pdf/jcr:content/translations/en.brstm32ode.pdf}
}

@misc{stmicroelectronicsUM2197UserManual2018,
  title = {{{UM2197}} - {{User}} Manual - {{Electronic}} Speed Controller for {{BLDC}} and {{PMSM}} Three Phase Brushless Motor},
  author = {{STMicroelectronics}},
  date = {2018-11},
  url = {https://www.st.com/resource/en/user_manual/dm00384353-electronic-speed-controller-for-bldc-and-pmsm-three-phase-brushless-motor-stmicroelectronics.pdf},
  urldate = {2020-07-26},
  file = {/home/gexter/Zotero/storage/29PFWUQJ/STMicroelectronics - 2018 - UM2197 - User manual - Electronic speed controller.pdf}
}

@misc{stmicroelectronicsVL53L0XWorldSmallest2018,
  title = {{{VL53L0X}} - {{World}}’s Smallest {{Time}}-of-{{Flight}} Ranging and Gesture Detection  Sensor},
  author = {{STMicroelectronics}},
  date = {2018-04},
  url = {https://www.st.com/resource/en/datasheet/vl53l0x.pdf},
  urldate = {2020-07-17}
}

@misc{stmicroelectronicsVL53L1XNewGeneration2018,
  title = {{{VL53L1X}} - {{A}} New Generation, Long Distance Ranging {{Time}}-of-{{Flight}} Sensor Based on {{ST}}’s {{FlightSense}}™ Technology},
  author = {{STMicroelectronics}},
  date = {2018-11},
  url = {https://www.st.com/resource/en/datasheet/vl53l1x.pdf},
  urldate = {2020-07-17}
}

@misc{stmicroelectronicsVL6180XProximityAmbient2016,
  title = {{{VL6180X}} - {{Proximity}} and Ambient Light Sensing ({{ALS}}) Module},
  author = {{STMicroelectronics}},
  date = {2016-03},
  url = {https://www.st.com/resource/en/datasheet/vl6180x.pdf},
  urldate = {2020-07-17}
}

@misc{tdkcorporationICM20948WorldLowest2017,
  title = {{{ICM}}-20948. {{World}}’s {{Lowest Power}} 9-{{Axis MEMS MotionTracking}}™ {{Device}}},
  shorttitle = {{{DS}}-000189},
  author = {{TDK Corporation}},
  date = {2017-02-06},
  url = {https://invensense.tdk.com/wp-content/uploads/2016/06/DS-000189-ICM-20948-v1.3.pdf},
  urldate = {2020-07-20},
  langid = {english}
}

@misc{tdkcorporationMigratingMPU9250ICM209482018,
  title = {Migrating from {{MPU}}-9250 to {{ICM}}-20948. {{Application Note}}. {{Version}} 2.0},
  shorttitle = {{{AN}}-000146 v2.0},
  author = {TDK Corporation},
  date = {2018-09},
  url = {https://invensense.tdk.com/wp-content/uploads/2018/10/AN-000146-v2.0-TDK_Migration_MPU_9250toICM-20948.pdf},
  urldate = {2020-07-20},
  langid = {english}
}

@misc{tdkcorporationMPU9250ProductSpecification2016,
  title = {{{MPU}}-9250 {{Product Specification Revision}} 1.1},
  shorttitle = {{{PS}}-{{MPU}}-{{9250A}}-01},
  author = {{TDK Corporation}},
  date = {2016-06-20},
  url = {https://invensense.tdk.com/wp-content/uploads/2015/02/PS-MPU-9250A-01-v1.1.pdf},
  urldate = {2020-04-23},
  langid = {english}
}

@online{tdkcorporationMPU9250TDK2020,
  title = {{{MPU}}-9250 | {{TDK}}},
  author = {{TDK Corporation}},
  date = {2020},
  url = {https://invensense.tdk.com/products/motion-tracking/9-axis/mpu-9250/},
  urldate = {2020-07-17}
}

@misc{texasinstrumentsLM2596SIMPLESWITCHER2020,
  title = {{{LM2596 SIMPLE SWITCHER}}® {{Power Converter}} 150-{{kHz}} 3-{{A Step}}-{{Down Voltage Regulator}} Datasheet ({{Rev}}. {{E}})},
  shorttitle = {{{SNVS124E}} –{{NOVEMBER}} 1999–{{REVISED FEBRUARY}} 2020},
  author = {{Texas Instruments}},
  date = {2020-02},
  url = {http://www.ti.com/lit/ds/symlink/lm2596.pdf?ts=1591271669952}
}

@online{texasinstrumentsTLC594016ChannelLED2015,
  title = {{{TLC5940}} 16-{{Channel LED Driver With DOT Correction}} and {{Grayscale PWM Control}}},
  shorttitle = {{{SLVS515D}} –{{DECEMBER}} 2004–{{REVISED NOVEMBER}} 2015},
  author = {{Texas Instruments}},
  date = {2015-12},
  url = {http://www.ti.com/lit/ds/symlink/tlc5940.pdf?ts=1591272538892}
}

@online{theimagingsourceDFM37UX273MLTechnical2019,
  title = {{{DFM 37UX273}}-{{ML Technical Reference Manual}}},
  author = {{The Imaging Source}},
  date = {2019-04},
  url = {https://s1-dl.theimagingsource.com/api/2.5/packages/documentation/manuals-trm/trmdfm37ux273ml/9c3369d7-1d07-592f-92e0-fbc70339da2e/trmdfm37ux273ml.en_US.pdf},
  urldate = {2020-08-10}
}

@online{theimagingsourceTBL5MPLens2019,
  title = {{{TBL}} 2.5 {{C 5MP Lens Technical Data}}},
  author = {{The Imaging Source}},
  date = {2019},
  url = {https://s1-dl.theimagingsource.com/api/2.5/packages/documentation/factsheets-optics/tbl25c5mp/9f49bfef-1cbd-5f13-adc5-6b0db3a8520a/tbl25c5mp.en_US.pdf},
  urldate = {2020-08-10}
}


