
@book{ascheEmbeddedControllerGrundlagen2016c,
  title = {Embedded Controller: Grundlagen und praktische Umsetzung für industrielle Anwendungen},
  shorttitle = {Embedded Controller},
  author = {Asche, Rüdiger R.},
  date = {2016},
  publisher = {{Springer Vieweg}},
  location = {{Wiesbaden}},
  file = {/home/gexter/Zotero/storage/A7SA38V9/Asche - 2016 - Embedded Controller Grundlagen und praktische Ums.pdf},
  isbn = {978-3-658-14850-8 978-3-658-14849-2},
  langid = {german},
  pagetotal = {293}
}

@inproceedings{avatefipourLinkingReceivedPacket2017,
  title = {Linking Received Packet to the Transmitter through Physical-Fingerprinting of Controller Area Network},
  booktitle = {2017 {{IEEE Workshop}} on {{Information Forensics}} and {{Security}} ({{WIFS}})},
  author = {Avatefipour, Omid and Hafeez, Azeem and Tayyab, Muhammad and Malik, Hafiz},
  date = {2017-12},
  pages = {1--6},
  publisher = {{IEEE}},
  location = {{Rennes, France}},
  doi = {10.1109/WIFS.2017.8267643},
  url = {http://ieeexplore.ieee.org/document/8267643/},
  urldate = {2020-08-13},
  eventtitle = {2017 {{IEEE Workshop}} on {{Information Forensics}} and {{Security}} ({{WIFS}})},
  file = {/home/gexter/Zotero/storage/3LZHKIBI/Avatefipour et al. - 2017 - Linking received packet to the transmitter through.pdf},
  isbn = {978-1-5090-6769-5}
}

@book{babielElektrischeAntriebeFahrzeugtechnik2020a,
  title = {Elektrische Antriebe in der Fahrzeugtechnik: Lehr- und Arbeitsbuch},
  shorttitle = {Elektrische Antriebe in der Fahrzeugtechnik},
  author = {Babiel, Gerhard},
  date = {2020},
  publisher = {{Springer Fachmedien Wiesbaden}},
  location = {{Wiesbaden}},
  doi = {10.1007/978-3-658-22176-8},
  url = {http://link.springer.com/10.1007/978-3-658-22176-8},
  urldate = {2020-07-27},
  isbn = {978-3-658-22175-1 978-3-658-22176-8},
  langid = {german}
}

@book{barryMasteringFreeRTOSReal2016,
  title = {Mastering the {{FreeRTOS Real Time Kernel}}},
  author = {Barry, Richard},
  date = {2016},
  edition = {Pre-release 161204 Edition},
  publisher = {{Real Time Engineers Ltd.}},
  url = {https://freertos.org/Documentation/161204_Mastering_the_FreeRTOS_Real_Time_Kernel-A_Hands-On_Tutorial_Guide.pdf},
  langid = {english},
  pagetotal = {399}
}

@book{baslerEncoderUndMotorFeedbackSysteme2016,
  title = {Encoder und Motor-Feedback-Systeme: Winkellage- und Drehzahlerfassung in der industriellen Automation},
  shorttitle = {Encoder und Motor-Feedback-Systeme},
  author = {Basler, Stefan},
  date = {2016},
  publisher = {{Springer Vieweg}},
  location = {{Wiesbaden}},
  file = {/home/gexter/Zotero/storage/KR2QDJNW/Basler - 2016 - Encoder und Motor-Feedback-Systeme Winkellage- un.pdf},
  isbn = {978-3-658-12844-9 978-3-658-12843-2},
  langid = {german},
  pagetotal = {178}
}

@book{benraSoftwareEntwicklungFurEchtzeitsysteme2009,
  title = {Software-Entwicklung für Echtzeitsysteme},
  editor = {Benra, Juliane and Halang, Wolfgang A.},
  date = {2009},
  publisher = {{Springer}},
  location = {{Berlin}},
  file = {/home/gexter/Zotero/storage/39QIP8V2/Benra und Halang - 2009 - Software-Entwicklung für Echtzeitsysteme.pdf},
  isbn = {978-3-642-01595-3 978-3-642-01596-0},
  langid = {german},
  pagetotal = {261}
}

@book{beuthLeistungselektronik2004,
  title = {Leistungselektronik},
  author = {Beuth, Olaf and Beuth, Klaus},
  date = {2004},
  edition = {1. Aufl},
  publisher = {{Vogel}},
  location = {{Würzburg}},
  file = {/home/gexter/Zotero/storage/3GPHTJRJ/Beuth und Beuth - 2004 - Leistungselektronik.pdf},
  isbn = {978-3-8023-1853-5},
  langid = {german},
  number = {9},
  pagetotal = {252},
  series = {Elektronik}
}

@book{binderElektrischeMaschinenUnd2018,
  title = {Elektrische Maschinen und Antriebe: Grundlagen, Betriebsverhalten.},
  shorttitle = {Elektrische Maschinen und Antriebe},
  author = {Binder, Andreas},
  date = {2018},
  publisher = {{Vieweg}},
  location = {{Berlin, Heidelberg}},
  url = {https://public.ebookcentral.proquest.com/choice/publicfullrecord.aspx?p=5403406},
  urldate = {2020-08-18},
  isbn = {978-3-662-53241-6},
  langid = {german}
}

@book{breuerFahrzeugdynamikMechanikBewegten2015,
  title = {Fahrzeugdynamik: Mechanik des bewegten Fahrzeugs},
  shorttitle = {Fahrzeugdynamik},
  author = {Breuer, Stefan and Rohrbach-Kerl, Andrea},
  date = {2015},
  publisher = {{Springer Vieweg}},
  location = {{Wiesbaden}},
  isbn = {978-3-658-09475-1},
  langid = {german}
}

@book{brinkschulteMikrocontrollerUndMikroprozessoren2002,
  title = {Mikrocontroller und Mikroprozessoren: mit 39 Tabellen},
  shorttitle = {Mikrocontroller und Mikroprozessoren},
  author = {Brinkschulte, Uwe and Ungerer, Theo},
  date = {2002},
  publisher = {{Springer}},
  location = {{Berlin}},
  file = {/home/gexter/Zotero/storage/C43PRFJ4/Brinkschulte und Ungerer - 2002 - Mikrocontroller und Mikroprozessoren mit 39 Tabel.pdf},
  isbn = {978-3-540-43095-7},
  langid = {german},
  pagetotal = {415},
  series = {Springer-Lehrbuch}
}

@book{buchiBrushlessMotorenUndRegler2016,
  title = {Brushless-Motoren und -Regler: Grundlagen, Technik, Praxis},
  shorttitle = {Brushless-Motoren und -Regler},
  author = {Büchi, Roland},
  date = {2016},
  edition = {1. Auflage, erweiterte Neuauflage},
  publisher = {{vth, Verlag für Technik und Handwerk neue Medien GmbH}},
  location = {{Baden-Baden}},
  file = {/home/gexter/Zotero/storage/QTBB3RET/Büchi - 2016 - Brushless-Motoren und -Regler Grundlagen, Technik.pdf},
  isbn = {978-3-88180-473-8},
  langid = {german},
  pagetotal = {126},
  series = {vth-Fachbuch}
}

@book{delangeAADLPracticeBecome2017,
  title = {{{AADL In Practice}}: {{Become}} an Expert of Software Architecture Modeling and Analysis},
  author = {Delange, Julien},
  date = {2017},
  publisher = {{Reblochon Development Company}},
  location = {{Place of publication not identified}},
  abstract = {Producing real-time, safety-critical, embedded systems is hard. Traditional methods are not appropriate and no longer scale: We regularly see safety or security issues on critical systems (such as avionics, medical, aerospace, or automotive systems). Over the last years, new technologies and development methods have been proposed. Among them, the Model-Based Engineering approach focuses on the use of models to drive the development process from design to implementation. The Architecture Analysis and Design Language (AADL) is a standardized modeling language with a clear syntax and semantics that support the design, analysis, and implementation of safety-critical systems. It has been successfully used for more than 10 years worldwide. The book AADL In Practice presents the AADL language and its modeling and analysis capability, and is targeted at software engineers who want to learn the language and apply or extend it to their own projects. The book is decomposed into four parts: 1. Introduction to Model-Based Engineering 2. Introduction of the core AADL concepts: covers language syntax, semantics, model definition, etc. 3. AADL analysis capabilities: covers how to model performance and safety characteristics into a software architecture model and perform latency and safety analysis with OSATE 4. Extending the language and OSATE plug-in development: covers how to extend the language capabilities using properties and annexes and how to create your own OSATE analysis plug-in The book is meant to be easy for engineers of all levels to use. Through the book, we use a case study (involving a self-driving car) to explain each aspect of the language. A real-life example is easy to understand and can be adapted and reused by readers. The case-study source code is also available publicly so that readers can download it and experience it on their own.},
  isbn = {978-0-692-89964-9},
  langid = {english}
}

@misc{deloitteUrbaneMobilitatUnd2019,
  title = {Urbane {{Mobilität}} Und Autonomes {{Fahren}} Im {{Jahr}} 2035 | {{Welche Veränderungen}} Durch {{Robotaxis}} Auf {{Automobilhersteller}}, {{Städte}} Und {{Politik}} Zurollen},
  author = {{Deloitte}},
  date = {2019-09},
  url = {https://www2.deloitte.com/content/dam/Deloitte/de/Documents/Innovation/Datenland%20Deutschland%20-%20Autonomes%20Fahren_Safe.pdf},
  urldate = {2020-08-01}
}

@book{dembowskiComputerschnittstellenUndBussysteme2016,
  title = {Computerschnittstellen und Bussysteme: für PC, Tablets, Smartphones und Embedded-Systeme},
  shorttitle = {Computerschnittstellen und Bussysteme},
  author = {Dembowski, Klaus},
  date = {2016},
  abstract = {Schnittstellen und Bussysteme stellen sowohl die Verbindung interner Funktionseinheiten als auch die Kommunikation mit Peripheriegeräten her und sind für die Leistungsfähigkeit, Funktionssicherheit und Erweiterbarkeit von zentraler Bedeutung. Dies gilt ganz allgemein für unterschiedliche Systeme, seien es Personal Computer, Notebooks, Netbooks, Embedded-Systeme, Tablets oder Smartphones. Dieses Buch stellt entsprechende Standards und Applikationen vor und versetzt den Leser in die Lage, unterschiedliche Interfaces zu beurteilen, einzusetzen und eigene Applikationen hierfür verwirklichen zu können. -- Behandelt werden u. a.: Grundlagen: Standards, Codierungsverfahren, Logikschaltungen und Interfaces; Klassische Systeme: Parallele und serielle Schnittstellen, GPIB/IEEE488; Komponentenschnittstellen: I2C, SPI, One Wire Bus; Peripherie-Bussysteme: USB, SATA, SAS, PCI, PCIe, Thunderbolt; Local Area Networks: Feldbussysteme, Ethernet-Implementierungen; Drahtlose Systeme: Funktechniken, Wireless LAN/WiFi, Bluetooth -- Die Funktionen der einzelnen Systeme können mithilfe der Softwarebeispiele nachvollzogen werden, die in unterschiedlichen Programmiersprachen und Entwicklungsumgebungen (C, MFC, LabVIEW, .NET) erstellt wurden. Die Programmierung für die verschiedenen Mikrocontroller, wie sie in Embedded-Systemen eingesetzt werden, sind in den jeweiligen Assembler- und C-Dialekten ausgeführt. Für Tablet-PCs und Smartphones, die auf der Android-Plattform arbeiten, gibt es Programme für den USB, WLAN und Bluetooth, was dieses Buch zu einem praxisorientierten Kompendium macht. -- Als ergänzender Download werden die kompletten Softwarebeispiele des Buchs zur Verfügung gestellt.},
  isbn = {978-3-8007-3807-6},
  langid = {german}
}

@misc{dhbwravensburgWelcheMarkenOder2019,
  title = {Welche {{Marken}} Oder {{Hersteller}} Fallen {{Ihnen}} Beim {{Schlagwort}} "{{Autonomes Fahren}}" Ein?},
  author = {{DHBW Ravensburg}},
  date = {2019-05-09},
  publisher = {{Statista GmbH}},
  url = {https://de.statista.com/statistik/daten/studie/1013664/umfrage/mit-autonomem-fahren-assoziierte-marken-oder-hersteller/},
  urldate = {2020-08-17}
}

@misc{dr.joachimlinkemannGlobalShutterRolling2014,
  title = {Global {{Shutter}}, {{Rolling Shutter}} - {{Funktionsweise}} Und {{Merkmale}} Zweier {{Belichtungsverfahren}} ({{Shutter}}-{{Varianten}})},
  author = {{Dr. Joachim Linkemann} and {Björn Weber}},
  editor = {Basler AG},
  date = {2014-01},
  url = {https://cdn.weka-fachmedien.de/media_uploads/documents/1396519137-2-bas1401whitepaperrolling-shutterde.pdf},
  urldate = {2020-08-10}
}

@book{echtzeitEchtzeitUndSicherheit2018,
  title = {Echtzeit und Sicherheit: Echtzeit 2018: Fachtagung des gemeinsamen Fachausschusses Echtzeitsysteme von Gesellschaft für Informatik e.V. (GI), VDI/VDE-Gesellschaft für Mess- und Automatisierungstechnik (GMA) und Informationstechnischer Gesellschaft im VDE (ITG), Boppard, 15. und 16. November 2018},
  shorttitle = {Echtzeit und Sicherheit},
  author = {Echtzeit},
  editor = {Unger, Herwig},
  date = {2018},
  publisher = {{Springer Vieweg}},
  location = {{Berlin}},
  editora = {Gesellschaft für Informatik and VDI/VDE-Gesellschaft Mess- und Automatisierungstechnik and Informationstechnische Gesellschaft},
  editoratype = {collaborator},
  eventtitle = {Fachtagung Echtzeit},
  isbn = {978-3-662-58096-7 978-3-662-58095-0},
  langid = {ger eng},
  pagetotal = {128},
  series = {Informatik aktuell}
}

@book{feilerModelbasedEngineeringAADL2013,
  title = {Model-Based Engineering with {{AADL}}: An Introduction to the {{SAE Architecture Analysis}} \& {{Design Language}}},
  shorttitle = {Model-Based Engineering with {{AADL}}},
  author = {Feiler, Peter H. and Gluch, David P.},
  date = {2013},
  publisher = {{Addison-Wesley}},
  location = {{Upper Saddle River, N.J}},
  abstract = {Model-based software systems engineering -- Working with the SAE AADL -- Modeling and analysis with the AADL : the basics -- Applying AADL capabilities -- Defining AADL components -- Software components -- Execution platform components -- Composite and generic components -- Static and dynamic architecture -- Component interactions -- System flows and software deployment -- Organizing models -- Annotating models -- Extending the language -- Creating and validating models},
  file = {/home/gexter/Zotero/storage/UAL9VHDR/Feiler und Gluch - 2013 - Model-based engineering with AADL an introduction.pdf},
  isbn = {978-0-13-420889-3 978-0-321-88894-5},
  langid = {english},
  pagetotal = {468},
  series = {The {{SEI}} Series in Software Engineering}
}

@book{fuestElektrischeMaschinenUnd2000,
  title = {Elektrische Maschinen und Antriebe},
  author = {Fuest, Klaus and Döring, Peter},
  date = {2000},
  publisher = {{Vieweg+Teubner Verlag}},
  location = {{Wiesbaden}},
  doi = {10.1007/978-3-663-01401-0},
  url = {http://link.springer.com/10.1007/978-3-663-01401-0},
  urldate = {2020-08-11},
  isbn = {978-3-528-44076-3 978-3-663-01401-0},
  langid = {german}
}

@book{gehrkeDigitaltechnikGrundlagenVHDL2017,
  title = {Digitaltechnik: Grundlagen, VHDL, FPGAs, Mikrocontroller},
  shorttitle = {Digitaltechnik},
  author = {Gehrke, Winfried and Winzker, Marco and Woitowitz, Roland and Urbanski, Klaus},
  date = {2017},
  edition = {7., überarbeitete und aktualisierte Auflage},
  publisher = {{Springer Vieweg}},
  location = {{Berlin}},
  file = {/home/gexter/Zotero/storage/C96UUHZ5/Gehrke et al. - 2017 - Digitaltechnik Grundlagen, VHDL, FPGAs, Mikrocont.pdf},
  isbn = {978-3-662-49730-2 978-3-662-49731-9},
  langid = {german},
  pagetotal = {560},
  series = {Springer-Lehrbuch}
}

@book{giancoliPhysikLehrUnd2010a,
  title = {Physik: Lehr- und Übungsbuch ; [mit über 3000 Aufgaben, komplette Lösungswege im Internet zum Download]},
  shorttitle = {Physik},
  author = {Giancoli, Douglas C.},
  date = {2010},
  edition = {3., erweiterte Auflage},
  publisher = {{Pearson Studium}},
  location = {{München Boston San Francisco Harlow, England Don Mills, Ontario Sydney Mexico City Madrid Amsterdam}},
  editora = {Eibl, Oliver and Ihringer, Jörg and Behn, Ulrich},
  editoratype = {collaborator},
  isbn = {978-3-86894-023-7 978-1-283-73657-2 978-3-86326-569-4},
  langid = {german},
  pagetotal = {1610},
  series = {ph - Physik},
  translator = {Krieger-Hauwede, Micaela and Lippert, Karen and Pahlkötter, Ulrike and Scholz, Detlef}
}

@misc{gpbullhoundAnzahlInvestmentsTechnologien2019,
  title = {Anzahl Der {{Investments}} in {{Technologien}}, Die Das Autonome {{Fahren}} Ermöglichen Nach {{Technologiefeldern}} Weltweit in Den {{Jahren}} 2014 Bis 2018},
  author = {{GP Bullhound}},
  date = {2019-02-25},
  publisher = {{Statista GmbH}},
  url = {https://de.statista.com/statistik/daten/studie/1022382/umfrage/anzahl-der-investments-in-technologien-des-autonomen-fahrens/},
  urldate = {2020-08-17}
}

@misc{gpbullhoundVerteilungWeltweitenInvestments2019,
  title = {Verteilung Der Weltweiten {{Investments}} in {{Technologien}}, Die Das Autonome {{Fahren}} Ermöglichen Nach {{Technologiefeldern}} Im {{Jahr}} 2018},
  author = {{GP Bullhound}},
  date = {2019-02-25},
  publisher = {{Statista GmbH}},
  url = {https://de.statista.com/statistik/daten/studie/1022415/umfrage/verteilung-der-weltweiten-investments-in-technologien-des-autonomen-fahrens/},
  urldate = {2020-08-15}
}

@misc{heinrichhussmannA2TechnikDigitalen,
  title = {A2. {{Technik}} Der Digitalen {{Bildverarbeitung}}},
  author = {{Heinrich Hußmann}},
  editor = {{Ludwig-Maximilians-Universität München}},
  url = {http://www.medien.ifi.lmu.de/fileadmin/mimuc/mt_ss05/mtA2a.pdf},
  urldate = {2020-08-19}
}

@book{hesseSensorenFurProzess2018,
  title = {Sensoren für die Prozess- und Fabrikautomation: Funktion - Ausführung - Anwendung},
  shorttitle = {Sensoren für die Prozess- und Fabrikautomation},
  author = {Hesse, Stefan and Schnell, Gerhard},
  date = {2018},
  edition = {7., ergänzte und durchgesehene Auflage},
  publisher = {{Springer Vieweg}},
  location = {{Wiesbaden}},
  isbn = {978-3-658-21173-8 978-3-658-21172-1},
  langid = {german},
  pagetotal = {533}
}

@misc{iplyticsgmbhAnzahlAngemeldetenPatente2019,
  title = {Anzahl Der Angemeldeten {{Patente}} Im {{Bereich}} Autonomes {{Fahren}} Weltweit in Den {{Jahren}} 2009 Bis 2019*},
  author = {{IPlytics GmbH}},
  date = {2019-10-16},
  publisher = {{Statista GmbH}},
  url = {https://de.statista.com/statistik/daten/studie/1062558/umfrage/anzahl-der-patente-im-bereich-autonomen-fahren-weltweit/},
  urldate = {2020-08-15}
}

@misc{jaromirnischikSystemarchitekturQuerregelungUnd2020,
  title = {Systemarchitektur, Querregelung und Simulation eines autonomen Fahrzeugs im Maßstab 1:10},
  author = {{Jaromir Nischik}},
  date = {2020-01-29},
  publisher = {{Technische Hochschule Mittelhessen}},
  langid = {Deutsch}
}

@book{kehlQuerregelungVersuchsfahrzeugsEntlang2007,
  title = {Querregelung eines Versuchsfahrzeugs entlang vorgegebener Bahnen},
  author = {Kehl, Steffen},
  date = {2007},
  publisher = {{Shaker}},
  location = {{Aachen}},
  isbn = {978-3-8322-6542-7},
  langid = {german},
  pagetotal = {88},
  series = {Berichte aus dem Institut für Systemdynamik, Universität Stuttgart}
}

@book{klockeZahnradUndGetriebetechnik2017,
  title = {Zahnrad- und Getriebetechnik: Auslegung - Herstellung - Untersuchung - Simulation},
  shorttitle = {Zahnrad- und Getriebetechnik},
  author = {Klocke, Fritz and Brecher, Christian},
  date = {2017},
  publisher = {{Carl Hanser Verlag}},
  location = {{München}},
  isbn = {978-3-446-43068-6 978-3-446-43140-9},
  langid = {german},
  pagetotal = {668}
}

@book{marchthalerKalmanFilterEinfuhrungZustandsschatzung2017,
  title = {Kalman-Filter: Einführung in die Zustandsschätzung und ihre Anwendung für eingebettete Systeme},
  shorttitle = {Kalman-Filter},
  author = {Marchthaler, Reiner and Dingler, Sebastian},
  date = {2017},
  publisher = {{Springer Vieweg}},
  location = {{Wiesbaden}},
  file = {/home/gexter/Zotero/storage/JI794XID/Marchthaler und Dingler - 2017 - Kalman-Filter Einführung in die Zustandsschätzung.pdf},
  isbn = {978-3-658-16728-8 978-3-658-16727-1},
  langid = {german},
  pagetotal = {206},
  series = {Lehrbuch}
}

@misc{merlinmengelBildverarbeitungAutonomenModellfahrzeugs2019,
  title = {Bildverarbeitung eines autonomen Modellfahrzeugs im Maßstab 1:10},
  author = {{Merlin Mengel}},
  date = {2019-09-19},
  publisher = {{Technische Hochschule Mittelhessen}},
  langid = {Deutsch}
}

@book{mitschkeDynamikKraftfahrzeuge2014,
  title = {Dynamik der Kraftfahrzeuge},
  author = {Mitschke, Manfred and Wallentowitz, Henning},
  date = {2014},
  edition = {5., überarb. und erg. Aufl},
  publisher = {{Springer Vieweg}},
  location = {{Wiesbaden}},
  file = {/home/gexter/Zotero/storage/YIEFK45F/Mitschke und Wallentowitz - 2014 - Dynamik der Kraftfahrzeuge.pdf},
  isbn = {978-3-658-05068-9 978-3-658-05067-2},
  langid = {german},
  pagetotal = {919},
  series = {VDI-Buch}
}

@inproceedings{nolteCaroloCupStudentCompetition2018,
  title = {The {{Carolo}}-{{Cup Student Competition}}: {{Involving Students}} with {{Automated Driving}}},
  shorttitle = {The {{Carolo}}-{{Cup Student Competition}}},
  booktitle = {2018 12th {{European Workshop}} on {{Microelectronics Education}} ({{EWME}})},
  author = {Nolte, Marcus and Form, Thomas and Ernst, Susanne and Graubohm, Robert and Maurer, Markus},
  date = {2018-09},
  pages = {95--99},
  publisher = {{IEEE}},
  location = {{Braunschweig, Germany}},
  doi = {10.1109/EWME.2018.8629462},
  url = {https://ieeexplore.ieee.org/document/8629462/},
  urldate = {2020-04-22},
  eventtitle = {2018 12th {{European Workshop}} on {{Microelectronics Education}} ({{EWME}})},
  isbn = {978-1-5386-9114-4}
}

@article{nolteCaroloCupZehnJahre2017,
  title = {Carolo-Cup — Zehn Jahre automatisiertes Fahren im Maßstab 1:10},
  shorttitle = {Carolo-Cup — Zehn Jahre automatisiertes Fahren im Maßstab 1},
  author = {Nolte, Marcus and Graubohm, Robert and Form, Thomas and Maurer, Markus},
  date = {2017-12},
  journaltitle = {Sonderprojekte ATZ/MTZ},
  shortjournal = {Sonderprojekte ATZ/MTZ},
  volume = {22},
  pages = {16--21},
  issn = {2509-4602, 2509-4610},
  doi = {10.1007/s41491-017-0014-z},
  url = {http://link.springer.com/10.1007/s41491-017-0014-z},
  urldate = {2020-04-21},
  file = {/home/gexter/Zotero/storage/MSAVCW9L/Nolte et al. - 2017 - Carolo-Cup — Zehn Jahre automatisiertes Fahren im .pdf},
  langid = {german},
  number = {S2}
}

@online{opensourceroboticsfoundationGazebo,
  title = {Gazebo},
  author = {{Open Source Robotics Foundation}},
  url = {http://gazebosim.org/},
  urldate = {2020-08-14}
}

@book{quigleyProgrammingRobotsROS2015,
  title = {Programming Robots with {{ROS}}},
  author = {Quigley, Morgan and Gerkey, Brian and Smart, William D.},
  date = {2015},
  edition = {First edition},
  publisher = {{O'Reilly \& Associates Incorporated}},
  location = {{Sebastopol}},
  abstract = {"Want to develop novel robot applications, but don't know how to write a mapping or object-recognition system? You're not alone, but you're certainly not without help. By combining real-world examples with valuable knowledge from the Robot Operating System (ROS) community, this practical book provides a set of motivating recipes for solving specific robotics use cases. Ideal for enthusiasts, from students in robotics clubs to professional robotics scientists and engineers, each recipe describes a complete solution using ROS open source libraries and tools. You'll learn how to complete tasks described in the recipes, as well as how to configure and recombine components for other tasks. If you're familiar with Python, you're ready to go."--Www.amazon.com},
  isbn = {978-1-4493-2389-9},
  keywords = {Programming,Robotics operating systems (Computers),Robots},
  pagetotal = {425}
}

@online{smootCapacitiveMagneticOptical2020,
  title = {Capacitive, {{Magnetic}}, and {{Optical Encoders}} – {{Comparing}} the {{Technologies}}},
  author = {Smoot, Jeff},
  date = {2020},
  url = {https://www.cuidevices.com/blog/capacitive-magnetic-and-optical-encoders-comparing-the-technologies},
  urldate = {2020-05-29},
  type = {Blog}
}

@book{steinbachEthernetbasierteFahrzeugnetzwerkarchitekturenFur2018,
  title = {Ethernet-basierte Fahrzeugnetzwerkarchitekturen für zukünftige Echtzeitsysteme im Automobil},
  author = {Steinbach, Till and Damm, Werner and Korf, Franz},
  date = {2018},
  publisher = {{Springer Vieweg}},
  location = {{Wiesbaden}},
  isbn = {978-3-658-23499-7},
  langid = {german},
  pagetotal = {337},
  series = {Research}
}

@book{tahirARMMicroprocessorSystems2017,
  title = {{{ARM}} Microprocessor Systems: Cortex-{{M}} Architecture, Programming, and Interfacing},
  shorttitle = {{{ARM}} Microprocessor Systems},
  author = {Tahir, Muhammad and Javed, Kashif},
  date = {2017},
  publisher = {{CRC Press, Taylor \& Francis Group}},
  location = {{Boca Raton}},
  isbn = {978-1-4822-5938-4},
  keywords = {ARM microprocessors,Programming},
  pagetotal = {498}
}

@misc{teamcdlcCaroloCup20202020,
  title = {Carolo {{Cup}} 2020 - {{Präsentation}} Des {{Teams CDLC}} - {{Technische Universität Braunschweig}}},
  author = {{Team CDLC}},
  editor = {{Technische Universität Braunschweig}},
  date = {2020-02}
}

@misc{teamit:movesCaroloCup20202020,
  title = {Carolo {{Cup}} 2020 - {{Präsentation}} Des {{Teams}} It:{{movES}} - {{Hochschule Esslingen}}},
  author = {{Team it:movES}},
  editor = {{Technische Universität Braunschweig}},
  date = {2020-02}
}

@misc{teamkitcarCaroloCup20202020,
  title = {Carolo {{Cup}} 2020 - {{Präsentation}} Des {{Teams KITcar}} - {{Karlsruher Institut}} Für {{Technologie}}},
  author = {{Team KITcar}},
  editor = {{Technische Universität Braunschweig}},
  date = {2020-02}
}

@misc{teamselfieCaroloCup20202020,
  title = {Carolo {{Cup}} 2020 - {{Präsentation}} Des {{Teams Selfie}} - {{Technische Universität Warschau}}},
  author = {{Team Selfie}},
  editor = {{Technische Universität Braunschweig}},
  date = {2020-02}
}

@misc{teamworstcaseCaroloCup20202020,
  title = {Carolo {{Cup}} 2020 - {{Präsentation}} Des {{Teams WorstCast}} - {{Hochschule}} Für {{Angewandte Wissenschaften Hamburg}}},
  author = {{Team WorstCase}},
  editor = {{Technische Universität Braunschweig}},
  date = {2020-02}
}

@misc{technischeuniversitatbraunschweigCaroloBasicCupRegulations20202019,
  title = {Carolo-{{Basic}}-{{Cup Regulations}} 2020},
  author = {{Technische Universität Braunschweig}},
  date = {2019},
  url = {https://wiki.ifr.ing.tu-bs.de/carolocup/system/files/Basic-Cup%20Regulations.pdf},
  urldate = {2020-04-02},
  langid = {english}
}

@misc{technischeuniversitatbraunschweigErgebnisseCaroloCup2020,
  title = {Ergebnisse: {{Carolo Cup}} 2020},
  author = {{Technische Universität Braunschweig}},
  date = {2020},
  url = {https://wiki.ifr.ing.tu-bs.de/carolocup/system/files/Carolo_Cup_2020_Ergebnisse.pdf},
  urldate = {2020-06-16}
}

@book{vaidSelbstIstAuto2018,
  title = {Selbst ist das Auto - automatisiertes Fahren: die Zukunft der Mobilität},
  shorttitle = {Selbst ist das Auto - automatisiertes Fahren},
  author = {Vaid, Kamal},
  editor = {Becker, Marco},
  date = {2018},
  publisher = {{Diplomica Verlag GmbH}},
  location = {{Hamburg}},
  file = {/home/gexter/Zotero/storage/7YWH9Q32/Vaid - 2018 - Selbst ist das Auto - automatisiertes Fahren die .pdf},
  isbn = {978-3-96146-084-7 978-3-96146-584-2},
  langid = {german},
  number = {Band 10},
  pagetotal = {98},
  series = {Schriftenreihe der Northern Business School zur angewandten Wissenschaft}
}

@book{woernEchtzeitsystemeGrundlagenFunktionsweisen2005,
  title = {Echtzeitsysteme: Grundlagen, Funktionsweisen, Anwendungen},
  shorttitle = {Echtzeitsysteme},
  author = {Wörn, Heinz and Brinkschulte, Uwe},
  date = {2005},
  publisher = {{Springer}},
  location = {{Berlin}},
  url = {http://www.myilibrary.com?id=62129},
  urldate = {2020-04-02},
  abstract = {Das vorliegende Werk vermittelt ein solides Fundament zum Verständnis der wesentlichen Prinzipien, Funktionsweisen und Architekturen von Echtzeitsystemen. Dabei werden die Grundlagen der Automation von technischen Prozessen mithilfe der Steuerungs- und Regelungstechnik behandelt. Anschließend werden elementare Hardware- und Software-Architekturen sowie Kommunikationsmechanismen für Echtzeitsysteme beschrieben und Methoden der Echtzeitprogrammierung, der Echtzeitbetriebssysteme sowie der Echtzeit-Middleware dargestellt. Abgeschlossen wird das Buch durch Anwendungsbeispiele von Echtzeitsystemen aus der Fabrikautomation, wie z. B. speicherprogrammierbare Steuerungen oder Roboter- und Werkzeugmaschinensteuerungen.},
  isbn = {978-3-540-20588-3 978-3-540-27416-2 978-1-280-62129-1},
  langid = {german}
}

@book{wuestMikroprozessortechnikGrundlagenArchitekturen2011,
  title = {Mikroprozessortechnik: Grundlagen, Architekturen, Schaltungstechnik und Betrieb von Mikroprozessoren und Mikrocontrollern},
  shorttitle = {Mikroprozessortechnik},
  author = {Wüst, Klaus},
  date = {2011},
  publisher = {{Vieweg+Teubner Verlag / Springer Fachmedien Wiesbaden GmbH, Wiesbaden}},
  location = {{Wiesbaden}},
  url = {https://doi.org/10.1007/978-3-8348-9881-4},
  urldate = {2020-04-02},
  isbn = {978-3-8348-9881-4},
  langid = {german}
}

@book{zoebelEchtzeitsystemeGrundlagenPlanung2020,
  title = {Echtzeitsysteme: Grundlagen der Planung},
  shorttitle = {Echtzeitsysteme},
  author = {Zöbel, Dieter},
  date = {2020},
  publisher = {{Springer Berlin Heidelberg}},
  location = {{Berlin, Heidelberg}},
  doi = {10.1007/978-3-662-60421-2},
  url = {http://link.springer.com/10.1007/978-3-662-60421-2},
  urldate = {2020-06-08},
  isbn = {978-3-662-60420-5 978-3-662-60421-2},
  langid = {german}
}

@misc{zswWeltweiteBestandsentwicklungElektroautos2020,
  title = {Weltweite {{Bestandsentwicklung}} von {{Elektroautos}} in Den {{Jahren}} 2012 Bis 2019},
  author = {{ZSW}},
  date = {2020},
  publisher = {{Statista GmbH}},
  url = {https://de.statista.com/statistik/daten/studie/168350/umfrage/bestandsentwicklung-von-elektrofahrzeugen/},
  urldate = {2020-08-15}
}


